<record><leader>00000cas a22000007a 4500</leader><controlfield tag="001">33948101</controlfield><controlfield tag="008">951220d18951uuumeumr ne      0    0eng d</controlfield><datafield ind1=" " ind2=" " tag="010"><subfield code="a">sn 95068008 </subfield></datafield><datafield ind1=" " ind2=" " tag="040"><subfield code="a">MBN</subfield><subfield code="b">eng</subfield><subfield code="c">MBN</subfield><subfield code="d">OCLCQ</subfield><subfield code="d">OCLCO</subfield></datafield><datafield ind1="1" ind2=" " tag="029"><subfield code="a">AU@</subfield><subfield code="b">000025890484</subfield></datafield><datafield ind1=" " ind2=" " tag="042"><subfield code="a">msc</subfield></datafield><datafield ind1=" " ind2=" " tag="043"><subfield code="a">n-us-me</subfield></datafield><datafield ind1="0" ind2="4" tag="245"><subfield code="a">The Twin-towns screamer.</subfield></datafield><datafield ind1=" " ind2=" " tag="260"><subfield code="a">Dover [Me.] :</subfield><subfield code="b">Kilby &amp; Barrows</subfield></datafield><datafield ind1=" " ind2=" " tag="300"><subfield code="a">v.</subfield></datafield><datafield ind1=" " ind2=" " tag="310"><subfield code="a">Monthly</subfield></datafield><datafield ind1=" " ind2=" " tag="500"><subfield code="a">Published simultaneously in Dover and Foxcroft, Me.</subfield></datafield><datafield ind1=" " ind2=" " tag="500"><subfield code="a">Dover and Foxcroft united to form Dover-Foxcroft, Me., Mar. 1, 1922.</subfield></datafield><datafield ind1=" " ind2=" " tag="588"><subfield code="a">Description based on: Vol. 1, no. 3 (Mar. 1895).</subfield></datafield><datafield ind1=" " ind2="0" tag="651"><subfield code="a">Dover (Me.)</subfield><subfield code="v">Newspapers.</subfield></datafield><datafield ind1=" " ind2="0" tag="651"><subfield code="a">Foxcroft (Me.)</subfield><subfield code="v">Newspapers.</subfield></datafield><datafield ind1=" " ind2="0" tag="651"><subfield code="a">Dover-Foxcroft (Me. : Town)</subfield><subfield code="v">Newspapers.</subfield></datafield><datafield ind1=" " ind2=" " tag="752"><subfield code="a">United States</subfield><subfield code="b">Maine</subfield><subfield code="c">Piscataquis</subfield><subfield code="d">Dover-Foxcroft.</subfield></datafield></record>